<?xml version="1.0" encoding="UTF-8"?>
<collection xmlns:xsi="http://www.w3.org/2001/XMLSchema-instance" xsi:schemaLocation="http://www.loc.gov/MARC21/slim http://www.loc.gov/standards/marcxml/schema/MARC21slim.xsd" xmlns="http://www.loc.gov/MARC21/slim">
<record>
  <leader>00955mam a2200253 a 4500</leader>
  <controlfield tag="001">3368415</controlfield>
  <controlfield tag="003">NNC</controlfield>
  <controlfield tag="005">20140922164757.0</controlfield>
  <controlfield tag="008">940421m19421943ua       b    000 0 arard</controlfield>
  <datafield tag="035" ind1=" " ind2=" ">
    <subfield code="a">(OCoLC)ocm30312033</subfield>
  </datafield>
  <datafield tag="035" ind1=" " ind2=" ">
    <subfield code="9">AVD3025CU</subfield>
  </datafield>
  <datafield tag="035" ind1=" " ind2=" ">
    <subfield code="a">(NNC)3368415</subfield>
  </datafield>
  <datafield tag="040" ind1=" " ind2=" ">
    <subfield code="a">AZU</subfield>
    <subfield code="c">AZU</subfield>
  </datafield>
  <datafield tag="090" ind1=" " ind2=" ">
    <subfield code="a">PJ7643</subfield>
    <subfield code="b">.A17 1942</subfield>
  </datafield>
  <datafield tag="100" ind1="0" ind2=" ">
    <subfield code="a">Mufaḍḍal ibn Muḥammad al-Ḍabbī,</subfield>
    <subfield code="d">active 8th century.</subfield>
  </datafield>
  <datafield tag="245" ind1="1" ind2="0">
    <subfield code="a">Mufaḍḍalīyāt /</subfield>
    <subfield code="c">taḥqīq wa-sharḥ Aḥmad Muḥammad Shākir, ʻAbd al-Salām Muḥammad Hārūn.</subfield>
  </datafield>
  <datafield tag="260" ind1=" " ind2=" ">
    <subfield code="a">Miṣr :</subfield>
    <subfield code="b">al-Maʻārif,</subfield>
    <subfield code="c">1361-1362 [1942-1943]</subfield>
  </datafield>
  <datafield tag="300" ind1=" " ind2=" ">
    <subfield code="a">2 v. in 1 ;</subfield>
    <subfield code="c">24 cm.</subfield>
  </datafield>
  <datafield tag="490" ind1="1" ind2=" ">
    <subfield code="a">Dīwān al-ʻArab, majmūʻāt min ʻuyūn al-shiʻr ;</subfield>
    <subfield code="v">1</subfield>
  </datafield>
  <datafield tag="504" ind1=" " ind2=" ">
    <subfield code="a">Includes bibliographical references and indexes.</subfield>
  </datafield>
  <datafield tag="700" ind1="1" ind2=" ">
    <subfield code="a">Shākir, Aḥmad Muḥammad.</subfield>
  </datafield>
  <datafield tag="700" ind1="1" ind2=" ">
    <subfield code="a">Hārūn, ʻAbd al-Salām Muḥammad.</subfield>
  </datafield>
  <datafield tag="830" ind1=" " ind2="0">
    <subfield code="a">Dīwān al-ʻArab, majmūʻāt min ʻuyūn al-shiʻr ;</subfield>
    <subfield code="v">1.</subfield>
  </datafield>
  <datafield tag="955" ind1=" " ind2=" ">
    <subfield code="b">0315333981</subfield>
    <subfield code="d">glx</subfield>
    <subfield code="e">893.742 M8934</subfield>
    <subfield code="v">v.1-2</subfield>
  </datafield>
</record>
</collection>